%YAML 1.1
%TAG !u! tag:unity3d.com,2011:
--- !u!1 &1404572328052314525
GameObject:
  m_ObjectHideFlags: 0
  m_CorrespondingSourceObject: {fileID: 0}
  m_PrefabInstance: {fileID: 0}
  m_PrefabAsset: {fileID: 0}
  serializedVersion: 6
  m_Component:
  - component: {fileID: 7815816526903199578}
  - component: {fileID: 2420471838232709210}
  - component: {fileID: 138742620039921250}
  - component: {fileID: 2377472227250401253}
  m_Layer: 0
  m_Name: 04_Rock
  m_TagString: Untagged
  m_Icon: {fileID: 0}
  m_NavMeshLayer: 0
  m_StaticEditorFlags: 0
  m_IsActive: 1
--- !u!4 &7815816526903199578
Transform:
  m_ObjectHideFlags: 0
  m_CorrespondingSourceObject: {fileID: 0}
  m_PrefabInstance: {fileID: 0}
  m_PrefabAsset: {fileID: 0}
  m_GameObject: {fileID: 1404572328052314525}
  m_LocalRotation: {x: 0, y: 0, z: 0, w: 1}
  m_LocalPosition: {x: 0, y: 0, z: 0}
  m_LocalScale: {x: 2.529325, y: 1.8761683, z: 1.9980236}
  m_Children:
  - {fileID: 5682966288745235390}
  m_Father: {fileID: 0}
  m_RootOrder: 0
  m_LocalEulerAnglesHint: {x: 0, y: 0, z: 0}
--- !u!54 &2420471838232709210
Rigidbody:
  m_ObjectHideFlags: 0
  m_CorrespondingSourceObject: {fileID: 0}
  m_PrefabInstance: {fileID: 0}
  m_PrefabAsset: {fileID: 0}
  m_GameObject: {fileID: 1404572328052314525}
  serializedVersion: 2
  m_Mass: 10
  m_Drag: 3
  m_AngularDrag: 0.1
  m_UseGravity: 1
  m_IsKinematic: 0
  m_Interpolate: 0
  m_Constraints: 0
  m_CollisionDetection: 0
--- !u!208 &138742620039921250
NavMeshObstacle:
  m_ObjectHideFlags: 0
  m_CorrespondingSourceObject: {fileID: 0}
  m_PrefabInstance: {fileID: 0}
  m_PrefabAsset: {fileID: 0}
  m_GameObject: {fileID: 1404572328052314525}
  m_Enabled: 1
  serializedVersion: 3
  m_Shape: 0
  m_Extents: {x: 1.1, y: 1, z: 1.1}
  m_MoveThreshold: 0.1
  m_Carve: 0
  m_CarveOnlyStationary: 1
  m_Center: {x: 0.1, y: -0.1, z: -0.1}
  m_TimeToStationary: 0.5
--- !u!136 &2377472227250401253
CapsuleCollider:
  m_ObjectHideFlags: 0
  m_CorrespondingSourceObject: {fileID: 0}
  m_PrefabInstance: {fileID: 0}
  m_PrefabAsset: {fileID: 0}
  m_GameObject: {fileID: 1404572328052314525}
  m_Material: {fileID: 0}
  m_IsTrigger: 0
  m_Enabled: 1
  m_Radius: 0.9
  m_Height: 0.9
  m_Direction: 1
  m_Center: {x: 0.1, y: -0.1, z: -0.1}
--- !u!1001 &5679623770639083748
PrefabInstance:
  m_ObjectHideFlags: 0
  serializedVersion: 2
  m_Modification:
    m_TransformParent: {fileID: 7815816526903199578}
    m_Modifications:
    - target: {fileID: 1815203512773962, guid: c9aa4a3148596484c8c90684cad71854, type: 3}
      propertyPath: m_Name
      value: enchantedforest_rock_3
      objectReference: {fileID: 0}
    - target: {fileID: 4468419111988058, guid: c9aa4a3148596484c8c90684cad71854, type: 3}
      propertyPath: m_LocalPosition.x
      value: 0
      objectReference: {fileID: 0}
    - target: {fileID: 4468419111988058, guid: c9aa4a3148596484c8c90684cad71854, type: 3}
      propertyPath: m_LocalPosition.y
      value: 0
      objectReference: {fileID: 0}
    - target: {fileID: 4468419111988058, guid: c9aa4a3148596484c8c90684cad71854, type: 3}
      propertyPath: m_LocalPosition.z
      value: 0
      objectReference: {fileID: 0}
    - target: {fileID: 4468419111988058, guid: c9aa4a3148596484c8c90684cad71854, type: 3}
      propertyPath: m_LocalRotation.x
      value: 0
      objectReference: {fileID: 0}
    - target: {fileID: 4468419111988058, guid: c9aa4a3148596484c8c90684cad71854, type: 3}
      propertyPath: m_LocalRotation.y
      value: 0
      objectReference: {fileID: 0}
    - target: {fileID: 4468419111988058, guid: c9aa4a3148596484c8c90684cad71854, type: 3}
      propertyPath: m_LocalRotation.z
      value: 0
      objectReference: {fileID: 0}
    - target: {fileID: 4468419111988058, guid: c9aa4a3148596484c8c90684cad71854, type: 3}
      propertyPath: m_LocalRotation.w
      value: 1
      objectReference: {fileID: 0}
    - target: {fileID: 4468419111988058, guid: c9aa4a3148596484c8c90684cad71854, type: 3}
      propertyPath: m_RootOrder
      value: 0
      objectReference: {fileID: 0}
    - target: {fileID: 4468419111988058, guid: c9aa4a3148596484c8c90684cad71854, type: 3}
      propertyPath: m_LocalEulerAnglesHint.x
      value: 0
      objectReference: {fileID: 0}
    - target: {fileID: 4468419111988058, guid: c9aa4a3148596484c8c90684cad71854, type: 3}
      propertyPath: m_LocalEulerAnglesHint.y
      value: 0
      objectReference: {fileID: 0}
    - target: {fileID: 4468419111988058, guid: c9aa4a3148596484c8c90684cad71854, type: 3}
      propertyPath: m_LocalEulerAnglesHint.z
      value: 0
      objectReference: {fileID: 0}
    m_RemovedComponents:
    - {fileID: 64792726075482452, guid: c9aa4a3148596484c8c90684cad71854, type: 3}
  m_SourcePrefab: {fileID: 100100000, guid: c9aa4a3148596484c8c90684cad71854, type: 3}
--- !u!4 &5682966288745235390 stripped
Transform:
  m_CorrespondingSourceObject: {fileID: 4468419111988058, guid: c9aa4a3148596484c8c90684cad71854,
    type: 3}
  m_PrefabInstance: {fileID: 5679623770639083748}
  m_PrefabAsset: {fileID: 0}
