%YAML 1.1
%TAG !u! tag:unity3d.com,2011:
--- !u!1 &6880110776827600414
GameObject:
  m_ObjectHideFlags: 0
  m_CorrespondingSourceObject: {fileID: 0}
  m_PrefabInstance: {fileID: 0}
  m_PrefabAsset: {fileID: 0}
  serializedVersion: 6
  m_Component:
  - component: {fileID: 6070593407907580550}
  - component: {fileID: 6233080068483374601}
  - component: {fileID: 4891373634721488166}
  - component: {fileID: 9184065541375692960}
  m_Layer: 0
  m_Name: 05_Branch
  m_TagString: Untagged
  m_Icon: {fileID: 0}
  m_NavMeshLayer: 0
  m_StaticEditorFlags: 0
  m_IsActive: 1
--- !u!4 &6070593407907580550
Transform:
  m_ObjectHideFlags: 0
  m_CorrespondingSourceObject: {fileID: 0}
  m_PrefabInstance: {fileID: 0}
  m_PrefabAsset: {fileID: 0}
  m_GameObject: {fileID: 6880110776827600414}
  m_LocalRotation: {x: 0, y: 0, z: 0, w: 1}
  m_LocalPosition: {x: 0, y: 0, z: 0}
  m_LocalScale: {x: 2.5387802, y: 2.6367157, z: 1.7778801}
  m_Children:
  - {fileID: 1496381840800225208}
  m_Father: {fileID: 0}
  m_RootOrder: 0
  m_LocalEulerAnglesHint: {x: 0, y: 0, z: 0}
--- !u!54 &6233080068483374601
Rigidbody:
  m_ObjectHideFlags: 0
  m_CorrespondingSourceObject: {fileID: 0}
  m_PrefabInstance: {fileID: 0}
  m_PrefabAsset: {fileID: 0}
  m_GameObject: {fileID: 6880110776827600414}
  serializedVersion: 2
  m_Mass: 5
  m_Drag: 1
  m_AngularDrag: 0.1
  m_UseGravity: 1
  m_IsKinematic: 0
  m_Interpolate: 0
  m_Constraints: 0
  m_CollisionDetection: 0
--- !u!136 &4891373634721488166
CapsuleCollider:
  m_ObjectHideFlags: 0
  m_CorrespondingSourceObject: {fileID: 0}
  m_PrefabInstance: {fileID: 0}
  m_PrefabAsset: {fileID: 0}
  m_GameObject: {fileID: 6880110776827600414}
  m_Material: {fileID: 0}
  m_IsTrigger: 0
  m_Enabled: 1
  m_Radius: 0.25
  m_Height: 5
  m_Direction: 0
  m_Center: {x: 0, y: 0.3, z: 0}
--- !u!208 &9184065541375692960
NavMeshObstacle:
  m_ObjectHideFlags: 0
  m_CorrespondingSourceObject: {fileID: 0}
  m_PrefabInstance: {fileID: 0}
  m_PrefabAsset: {fileID: 0}
  m_GameObject: {fileID: 6880110776827600414}
  m_Enabled: 1
  serializedVersion: 3
  m_Shape: 1
  m_Extents: {x: 2.5, y: 0.25, z: 0.25}
  m_MoveThreshold: 0.1
  m_Carve: 0
  m_CarveOnlyStationary: 1
  m_Center: {x: 0, y: 0.3, z: 0}
  m_TimeToStationary: 0.5
--- !u!1001 &1498170433081299210
PrefabInstance:
  m_ObjectHideFlags: 0
  serializedVersion: 2
  m_Modification:
    m_TransformParent: {fileID: 6070593407907580550}
    m_Modifications:
    - target: {fileID: 1301704514817616, guid: ee82e0cdb1a4545f191db93ad009f94b, type: 3}
      propertyPath: m_Name
      value: enchantedforest_tree_fallen_small
      objectReference: {fileID: 0}
    - target: {fileID: 4122383060551346, guid: ee82e0cdb1a4545f191db93ad009f94b, type: 3}
      propertyPath: m_LocalPosition.x
      value: 0
      objectReference: {fileID: 0}
    - target: {fileID: 4122383060551346, guid: ee82e0cdb1a4545f191db93ad009f94b, type: 3}
      propertyPath: m_LocalPosition.y
      value: 0
      objectReference: {fileID: 0}
    - target: {fileID: 4122383060551346, guid: ee82e0cdb1a4545f191db93ad009f94b, type: 3}
      propertyPath: m_LocalPosition.z
      value: 0
      objectReference: {fileID: 0}
    - target: {fileID: 4122383060551346, guid: ee82e0cdb1a4545f191db93ad009f94b, type: 3}
      propertyPath: m_LocalRotation.x
      value: 0
      objectReference: {fileID: 0}
    - target: {fileID: 4122383060551346, guid: ee82e0cdb1a4545f191db93ad009f94b, type: 3}
      propertyPath: m_LocalRotation.y
      value: 0
      objectReference: {fileID: 0}
    - target: {fileID: 4122383060551346, guid: ee82e0cdb1a4545f191db93ad009f94b, type: 3}
      propertyPath: m_LocalRotation.z
      value: 0
      objectReference: {fileID: 0}
    - target: {fileID: 4122383060551346, guid: ee82e0cdb1a4545f191db93ad009f94b, type: 3}
      propertyPath: m_LocalRotation.w
      value: 1
      objectReference: {fileID: 0}
    - target: {fileID: 4122383060551346, guid: ee82e0cdb1a4545f191db93ad009f94b, type: 3}
      propertyPath: m_RootOrder
      value: 0
      objectReference: {fileID: 0}
    - target: {fileID: 4122383060551346, guid: ee82e0cdb1a4545f191db93ad009f94b, type: 3}
      propertyPath: m_LocalEulerAnglesHint.x
      value: 0
      objectReference: {fileID: 0}
    - target: {fileID: 4122383060551346, guid: ee82e0cdb1a4545f191db93ad009f94b, type: 3}
      propertyPath: m_LocalEulerAnglesHint.y
      value: 0
      objectReference: {fileID: 0}
    - target: {fileID: 4122383060551346, guid: ee82e0cdb1a4545f191db93ad009f94b, type: 3}
      propertyPath: m_LocalEulerAnglesHint.z
      value: 0
      objectReference: {fileID: 0}
    m_RemovedComponents: []
  m_SourcePrefab: {fileID: 100100000, guid: ee82e0cdb1a4545f191db93ad009f94b, type: 3}
--- !u!4 &1496381840800225208 stripped
Transform:
  m_CorrespondingSourceObject: {fileID: 4122383060551346, guid: ee82e0cdb1a4545f191db93ad009f94b,
    type: 3}
  m_PrefabInstance: {fileID: 1498170433081299210}
  m_PrefabAsset: {fileID: 0}
